@misc{webteam@eso.org, 
    title={Signal Documentation}, 
    howpublished = {\url{https://signal.org/docs/}}, 
    author={Signal},
    year={2024}
} 

@misc{Recommendersteam, 
    title={Elliptic curve cryptography}, 
    howpublished = {\url{https://en.wikipedia.org/wiki/Elliptic-curve_cryptography }}, 
    author={Wiki},
    year={2024}
} 


@misc{Double_Ratchet_Algorithm , 
    title={Double Ratchet Algorithm}, 
    howpublished = {\url{https://en.wikipedia.org/wiki/Double_Ratchet_Algorithm }}, 
    author={Wiki},
    year={2024}
} 

@misc{X3DH_Note,
    title={X3DH Note},
    howpublished = {\url{https://www.gabriel.urdhr.fr/2024/05/09/x3dh/ }},
    author={Gabriel Corona},
    year={2024}
}

@misc{DH,
    title={Diffie Hellman key exchange},
    howpublished = {\url{https://en.wikipedia.org/wiki/Diffie%E2%80%93Hellman_key_exchange }},
    author={Wiki},
    year={2024}
}

